%YAML 1.1
%TAG !u! tag:unity3d.com,2011:
--- !u!95 &8718393351646276940
Animator:
  serializedVersion: 3
  m_ObjectHideFlags: 0
  m_CorrespondingSourceObject: {fileID: 0}
  m_PrefabInstance: {fileID: 0}
  m_PrefabAsset: {fileID: 0}
  m_GameObject: {fileID: 905063261816309120}
  m_Enabled: 1
  m_Avatar: {fileID: 0}
  m_Controller: {fileID: 9100000, guid: 05fc88d9f0f2aab4ca3643058e71f41c, type: 2}
  m_CullingMode: 0
  m_UpdateMode: 0
  m_ApplyRootMotion: 0
  m_LinearVelocityBlending: 0
  m_WarningMessage: 
  m_HasTransformHierarchy: 1
  m_AllowConstantClipSamplingOptimization: 1
  m_KeepAnimatorControllerStateOnDisable: 0
--- !u!114 &8718393351646276939
MonoBehaviour:
  m_ObjectHideFlags: 0
  m_CorrespondingSourceObject: {fileID: 0}
  m_PrefabInstance: {fileID: 0}
  m_PrefabAsset: {fileID: 0}
  m_GameObject: {fileID: 905063261816309120}
  m_Enabled: 1
  m_EditorHideFlags: 0
  m_Script: {fileID: 11500000, guid: 5bd8186f35595b54cbc9371da08d1d79, type: 3}
  m_Name: 
  m_EditorClassIdentifier: 
--- !u!95 &8718393351048347415
Animator:
  serializedVersion: 3
  m_ObjectHideFlags: 0
  m_CorrespondingSourceObject: {fileID: 0}
  m_PrefabInstance: {fileID: 0}
  m_PrefabAsset: {fileID: 0}
  m_GameObject: {fileID: 2567115123643207864}
  m_Enabled: 1
  m_Avatar: {fileID: 0}
  m_Controller: {fileID: 9100000, guid: 88edd5468cdb11442a8dfbd558e27a09, type: 2}
  m_CullingMode: 0
  m_UpdateMode: 0
  m_ApplyRootMotion: 0
  m_LinearVelocityBlending: 0
  m_WarningMessage: 
  m_HasTransformHierarchy: 1
  m_AllowConstantClipSamplingOptimization: 1
  m_KeepAnimatorControllerStateOnDisable: 0
--- !u!95 &8718393351324006586
Animator:
  serializedVersion: 3
  m_ObjectHideFlags: 0
  m_CorrespondingSourceObject: {fileID: 0}
  m_PrefabInstance: {fileID: 0}
  m_PrefabAsset: {fileID: 0}
  m_GameObject: {fileID: 3837756048468766468}
  m_Enabled: 1
  m_Avatar: {fileID: 0}
  m_Controller: {fileID: 9100000, guid: 391487ba625bb8d498c261ddd7f2143a, type: 2}
  m_CullingMode: 0
  m_UpdateMode: 0
  m_ApplyRootMotion: 0
  m_LinearVelocityBlending: 0
  m_WarningMessage: 
  m_HasTransformHierarchy: 1
  m_AllowConstantClipSamplingOptimization: 1
  m_KeepAnimatorControllerStateOnDisable: 0
--- !u!114 &8718393351324006585
MonoBehaviour:
  m_ObjectHideFlags: 0
  m_CorrespondingSourceObject: {fileID: 0}
  m_PrefabInstance: {fileID: 0}
  m_PrefabAsset: {fileID: 0}
  m_GameObject: {fileID: 3837756048468766468}
  m_Enabled: 1
  m_EditorHideFlags: 0
  m_Script: {fileID: 11500000, guid: 5bd8186f35595b54cbc9371da08d1d79, type: 3}
  m_Name: 
  m_EditorClassIdentifier: 
--- !u!1 &8718393350936392335
GameObject:
  m_ObjectHideFlags: 0
  m_CorrespondingSourceObject: {fileID: 0}
  m_PrefabInstance: {fileID: 0}
  m_PrefabAsset: {fileID: 0}
  serializedVersion: 6
  m_Component:
  - component: {fileID: 8718393350936392334}
  - component: {fileID: 8718393350936392333}
  m_Layer: 5
  m_Name: EnemyRole
  m_TagString: Untagged
  m_Icon: {fileID: 0}
  m_NavMeshLayer: 0
  m_StaticEditorFlags: 0
  m_IsActive: 1
--- !u!224 &8718393350936392334
RectTransform:
  m_ObjectHideFlags: 0
  m_CorrespondingSourceObject: {fileID: 0}
  m_PrefabInstance: {fileID: 0}
  m_PrefabAsset: {fileID: 0}
  m_GameObject: {fileID: 8718393350936392335}
  m_LocalRotation: {x: 0, y: 0, z: 0, w: 1}
  m_LocalPosition: {x: 0, y: 0, z: 0}
  m_LocalScale: {x: 1, y: 1, z: 1}
  m_Children:
  - {fileID: 5343615719651984478}
  - {fileID: 663743650270526094}
  m_Father: {fileID: 8718393351051187569}
  m_RootOrder: 1
  m_LocalEulerAnglesHint: {x: 0, y: 0, z: 0}
  m_AnchorMin: {x: 0.5, y: 0.5}
  m_AnchorMax: {x: 0.5, y: 0.5}
  m_AnchoredPosition: {x: 5, y: -5.4}
  m_SizeDelta: {x: 100, y: 100}
  m_Pivot: {x: 0.5, y: 0.5}
--- !u!114 &8718393350936392333
MonoBehaviour:
  m_ObjectHideFlags: 0
  m_CorrespondingSourceObject: {fileID: 0}
  m_PrefabInstance: {fileID: 0}
  m_PrefabAsset: {fileID: 0}
  m_GameObject: {fileID: 8718393350936392335}
  m_Enabled: 1
  m_EditorHideFlags: 0
  m_Script: {fileID: 11500000, guid: 03944fe8cb824cc4f8f1c06612ca612d, type: 3}
  m_Name: 
  m_EditorClassIdentifier: 
  isDie: 0
  MaxHP: 1000
  MyAni: {fileID: 8718393351646276940}
  IsDefend: 0
  Anis: []
--- !u!1 &8718393351051187570
GameObject:
  m_ObjectHideFlags: 0
  m_CorrespondingSourceObject: {fileID: 0}
  m_PrefabInstance: {fileID: 0}
  m_PrefabAsset: {fileID: 0}
  serializedVersion: 6
  m_Component:
  - component: {fileID: 8718393351051187569}
  - component: {fileID: 8718393351051187568}
  m_Layer: 5
  m_Name: BattleScene
  m_TagString: Untagged
  m_Icon: {fileID: 0}
  m_NavMeshLayer: 0
  m_StaticEditorFlags: 0
  m_IsActive: 1
--- !u!224 &8718393351051187569
RectTransform:
  m_ObjectHideFlags: 0
  m_CorrespondingSourceObject: {fileID: 0}
  m_PrefabInstance: {fileID: 0}
  m_PrefabAsset: {fileID: 0}
  m_GameObject: {fileID: 8718393351051187570}
  m_LocalRotation: {x: -0, y: -0, z: -0, w: 1}
  m_LocalPosition: {x: 0, y: 0, z: 0}
  m_LocalScale: {x: 1, y: 1, z: 1}
  m_Children:
  - {fileID: 8718393352204501255}
  - {fileID: 8718393350936392334}
  m_Father: {fileID: 0}
  m_RootOrder: 0
  m_LocalEulerAnglesHint: {x: 0, y: 0, z: 0}
  m_AnchorMin: {x: 0.5, y: 0.5}
  m_AnchorMax: {x: 0.5, y: 0.5}
  m_AnchoredPosition: {x: 0, y: 0.54}
  m_SizeDelta: {x: 100, y: 100}
  m_Pivot: {x: 0.5, y: 0.5}
--- !u!95 &8718393351051187568
Animator:
  serializedVersion: 3
  m_ObjectHideFlags: 0
  m_CorrespondingSourceObject: {fileID: 0}
  m_PrefabInstance: {fileID: 0}
  m_PrefabAsset: {fileID: 0}
  m_GameObject: {fileID: 8718393351051187570}
  m_Enabled: 1
  m_Avatar: {fileID: 0}
  m_Controller: {fileID: 9100000, guid: 466242b0a073b2b4da71092bcfb986c9, type: 2}
  m_CullingMode: 0
  m_UpdateMode: 0
  m_ApplyRootMotion: 0
  m_LinearVelocityBlending: 0
  m_WarningMessage: 
  m_HasTransformHierarchy: 1
  m_AllowConstantClipSamplingOptimization: 1
  m_KeepAnimatorControllerStateOnDisable: 0
--- !u!1 &8718393352204501304
GameObject:
  m_ObjectHideFlags: 0
  m_CorrespondingSourceObject: {fileID: 0}
  m_PrefabInstance: {fileID: 0}
  m_PrefabAsset: {fileID: 0}
  serializedVersion: 6
  m_Component:
  - component: {fileID: 8718393352204501255}
  - component: {fileID: 8718393352204501254}
  m_Layer: 5
  m_Name: PlaeyrRole
  m_TagString: Untagged
  m_Icon: {fileID: 0}
  m_NavMeshLayer: 0
  m_StaticEditorFlags: 0
  m_IsActive: 1
--- !u!224 &8718393352204501255
RectTransform:
  m_ObjectHideFlags: 0
  m_CorrespondingSourceObject: {fileID: 0}
  m_PrefabInstance: {fileID: 0}
  m_PrefabAsset: {fileID: 0}
  m_GameObject: {fileID: 8718393352204501304}
  m_LocalRotation: {x: 0, y: 0, z: 0, w: 1}
  m_LocalPosition: {x: 0, y: 0, z: 0}
  m_LocalScale: {x: 1, y: 1, z: 1}
  m_Children:
  - {fileID: 8836056497999917549}
  m_Father: {fileID: 8718393351051187569}
  m_RootOrder: 0
  m_LocalEulerAnglesHint: {x: 0, y: 0, z: 0}
  m_AnchorMin: {x: 0.5, y: 0.5}
  m_AnchorMax: {x: 0.5, y: 0.5}
  m_AnchoredPosition: {x: -5, y: -3.79}
  m_SizeDelta: {x: 366.8, y: 100}
  m_Pivot: {x: 0.5, y: 0.5}
--- !u!114 &8718393352204501254
MonoBehaviour:
  m_ObjectHideFlags: 0
  m_CorrespondingSourceObject: {fileID: 0}
  m_PrefabInstance: {fileID: 0}
  m_PrefabAsset: {fileID: 0}
  m_GameObject: {fileID: 8718393352204501304}
  m_Enabled: 1
  m_EditorHideFlags: 0
  m_Script: {fileID: 11500000, guid: 1065fe45e87eeb249ac521c7b481864f, type: 3}
  m_Name: 
  m_EditorClassIdentifier: 
  isDie: 0
  MaxHP: 1000
  MyAni: {fileID: 8718393351048347415}
--- !u!1001 &8718393351324006589
PrefabInstance:
  m_ObjectHideFlags: 0
  serializedVersion: 2
  m_Modification:
    m_TransformParent: {fileID: 8718393350936392334}
    m_Modifications:
    - target: {fileID: -5279569143232962816, guid: b84197960f125ed4ea282797617dd4f1,
        type: 3}
      propertyPath: m_LocalPosition.x
      value: 0.8150547
      objectReference: {fileID: 0}
    - target: {fileID: -5279569143232962816, guid: b84197960f125ed4ea282797617dd4f1,
        type: 3}
      propertyPath: m_LocalPosition.y
      value: -0.000000016056797
      objectReference: {fileID: 0}
    - target: {fileID: -5279569143232962816, guid: b84197960f125ed4ea282797617dd4f1,
        type: 3}
      propertyPath: m_LocalRotation.w
      value: 0.9849085
      objectReference: {fileID: 0}
    - target: {fileID: -5279569143232962816, guid: b84197960f125ed4ea282797617dd4f1,
        type: 3}
      propertyPath: m_LocalRotation.x
      value: 0
      objectReference: {fileID: 0}
    - target: {fileID: -5279569143232962816, guid: b84197960f125ed4ea282797617dd4f1,
        type: 3}
      propertyPath: m_LocalRotation.y
      value: 0
      objectReference: {fileID: 0}
    - target: {fileID: -5279569143232962816, guid: b84197960f125ed4ea282797617dd4f1,
        type: 3}
      propertyPath: m_LocalRotation.z
      value: -0.17307593
      objectReference: {fileID: 0}
    - target: {fileID: -5279569143232962816, guid: b84197960f125ed4ea282797617dd4f1,
        type: 3}
      propertyPath: m_LocalEulerAnglesHint.z
      value: 0
      objectReference: {fileID: 0}
    - target: {fileID: -4853846181471285028, guid: b84197960f125ed4ea282797617dd4f1,
        type: 3}
      propertyPath: m_LocalRotation.w
      value: 0.9942778
      objectReference: {fileID: 0}
    - target: {fileID: -4853846181471285028, guid: b84197960f125ed4ea282797617dd4f1,
        type: 3}
      propertyPath: m_LocalRotation.x
      value: 0
      objectReference: {fileID: 0}
    - target: {fileID: -4853846181471285028, guid: b84197960f125ed4ea282797617dd4f1,
        type: 3}
      propertyPath: m_LocalRotation.y
      value: 0
      objectReference: {fileID: 0}
    - target: {fileID: -4853846181471285028, guid: b84197960f125ed4ea282797617dd4f1,
        type: 3}
      propertyPath: m_LocalRotation.z
      value: 0.10682597
      objectReference: {fileID: 0}
    - target: {fileID: -4853846181471285028, guid: b84197960f125ed4ea282797617dd4f1,
        type: 3}
      propertyPath: m_LocalEulerAnglesHint.z
      value: 0
      objectReference: {fileID: 0}
    - target: {fileID: -3621027942620129351, guid: b84197960f125ed4ea282797617dd4f1,
        type: 3}
      propertyPath: m_Name
      value: Snail
      objectReference: {fileID: 0}
    - target: {fileID: -3621027942620129351, guid: b84197960f125ed4ea282797617dd4f1,
        type: 3}
      propertyPath: m_IsActive
      value: 0
      objectReference: {fileID: 0}
    - target: {fileID: -3044064808283748492, guid: b84197960f125ed4ea282797617dd4f1,
        type: 3}
      propertyPath: m_LocalRotation.w
      value: 0.9420365
      objectReference: {fileID: 0}
    - target: {fileID: -3044064808283748492, guid: b84197960f125ed4ea282797617dd4f1,
        type: 3}
      propertyPath: m_LocalRotation.x
      value: 0
      objectReference: {fileID: 0}
    - target: {fileID: -3044064808283748492, guid: b84197960f125ed4ea282797617dd4f1,
        type: 3}
      propertyPath: m_LocalRotation.y
      value: 0
      objectReference: {fileID: 0}
    - target: {fileID: -3044064808283748492, guid: b84197960f125ed4ea282797617dd4f1,
        type: 3}
      propertyPath: m_LocalRotation.z
      value: 0.33551043
      objectReference: {fileID: 0}
    - target: {fileID: -3044064808283748492, guid: b84197960f125ed4ea282797617dd4f1,
        type: 3}
      propertyPath: m_LocalEulerAnglesHint.z
      value: 0
      objectReference: {fileID: 0}
    - target: {fileID: 78777635901181727, guid: b84197960f125ed4ea282797617dd4f1,
        type: 3}
      propertyPath: m_LocalRotation.w
      value: 0.9240997
      objectReference: {fileID: 0}
    - target: {fileID: 78777635901181727, guid: b84197960f125ed4ea282797617dd4f1,
        type: 3}
      propertyPath: m_LocalRotation.x
      value: 0
      objectReference: {fileID: 0}
    - target: {fileID: 78777635901181727, guid: b84197960f125ed4ea282797617dd4f1,
        type: 3}
      propertyPath: m_LocalRotation.y
      value: 0
      objectReference: {fileID: 0}
    - target: {fileID: 78777635901181727, guid: b84197960f125ed4ea282797617dd4f1,
        type: 3}
      propertyPath: m_LocalRotation.z
      value: -0.38215154
      objectReference: {fileID: 0}
    - target: {fileID: 78777635901181727, guid: b84197960f125ed4ea282797617dd4f1,
        type: 3}
      propertyPath: m_LocalEulerAnglesHint.z
      value: 0
      objectReference: {fileID: 0}
    - target: {fileID: 2846736946163388519, guid: b84197960f125ed4ea282797617dd4f1,
        type: 3}
      propertyPath: m_LocalRotation.w
      value: 0.934174
      objectReference: {fileID: 0}
    - target: {fileID: 2846736946163388519, guid: b84197960f125ed4ea282797617dd4f1,
        type: 3}
      propertyPath: m_LocalRotation.x
      value: 0
      objectReference: {fileID: 0}
    - target: {fileID: 2846736946163388519, guid: b84197960f125ed4ea282797617dd4f1,
        type: 3}
      propertyPath: m_LocalRotation.y
      value: 0
      objectReference: {fileID: 0}
    - target: {fileID: 2846736946163388519, guid: b84197960f125ed4ea282797617dd4f1,
        type: 3}
      propertyPath: m_LocalRotation.z
      value: -0.35681784
      objectReference: {fileID: 0}
    - target: {fileID: 2846736946163388519, guid: b84197960f125ed4ea282797617dd4f1,
        type: 3}
      propertyPath: m_LocalEulerAnglesHint.z
      value: 0
      objectReference: {fileID: 0}
    - target: {fileID: 3663012684037078243, guid: b84197960f125ed4ea282797617dd4f1,
        type: 3}
      propertyPath: m_RootOrder
      value: 0
      objectReference: {fileID: 0}
    - target: {fileID: 3663012684037078243, guid: b84197960f125ed4ea282797617dd4f1,
        type: 3}
      propertyPath: m_LocalScale.x
      value: 1.3
      objectReference: {fileID: 0}
    - target: {fileID: 3663012684037078243, guid: b84197960f125ed4ea282797617dd4f1,
        type: 3}
      propertyPath: m_LocalScale.y
      value: 1.3
      objectReference: {fileID: 0}
    - target: {fileID: 3663012684037078243, guid: b84197960f125ed4ea282797617dd4f1,
        type: 3}
      propertyPath: m_LocalScale.z
      value: 1.3
      objectReference: {fileID: 0}
    - target: {fileID: 3663012684037078243, guid: b84197960f125ed4ea282797617dd4f1,
        type: 3}
      propertyPath: m_LocalPosition.x
      value: 0
      objectReference: {fileID: 0}
    - target: {fileID: 3663012684037078243, guid: b84197960f125ed4ea282797617dd4f1,
        type: 3}
      propertyPath: m_LocalPosition.y
      value: 0
      objectReference: {fileID: 0}
    - target: {fileID: 3663012684037078243, guid: b84197960f125ed4ea282797617dd4f1,
        type: 3}
      propertyPath: m_LocalPosition.z
      value: 0
      objectReference: {fileID: 0}
    - target: {fileID: 3663012684037078243, guid: b84197960f125ed4ea282797617dd4f1,
        type: 3}
      propertyPath: m_LocalRotation.w
      value: 1
      objectReference: {fileID: 0}
    - target: {fileID: 3663012684037078243, guid: b84197960f125ed4ea282797617dd4f1,
        type: 3}
      propertyPath: m_LocalRotation.x
      value: 0
      objectReference: {fileID: 0}
    - target: {fileID: 3663012684037078243, guid: b84197960f125ed4ea282797617dd4f1,
        type: 3}
      propertyPath: m_LocalRotation.y
      value: 0
      objectReference: {fileID: 0}
    - target: {fileID: 3663012684037078243, guid: b84197960f125ed4ea282797617dd4f1,
        type: 3}
      propertyPath: m_LocalRotation.z
      value: 0
      objectReference: {fileID: 0}
    - target: {fileID: 3663012684037078243, guid: b84197960f125ed4ea282797617dd4f1,
        type: 3}
      propertyPath: m_LocalEulerAnglesHint.x
      value: 0
      objectReference: {fileID: 0}
    - target: {fileID: 3663012684037078243, guid: b84197960f125ed4ea282797617dd4f1,
        type: 3}
      propertyPath: m_LocalEulerAnglesHint.y
      value: 0
      objectReference: {fileID: 0}
    - target: {fileID: 3663012684037078243, guid: b84197960f125ed4ea282797617dd4f1,
        type: 3}
      propertyPath: m_LocalEulerAnglesHint.z
      value: 0
      objectReference: {fileID: 0}
    - target: {fileID: 4184925271539459405, guid: b84197960f125ed4ea282797617dd4f1,
        type: 3}
      propertyPath: m_LocalPosition.x
      value: 0.88523066
      objectReference: {fileID: 0}
    - target: {fileID: 4184925271539459405, guid: b84197960f125ed4ea282797617dd4f1,
        type: 3}
      propertyPath: m_LocalPosition.y
      value: 0.00000010848099
      objectReference: {fileID: 0}
    - target: {fileID: 4184925271539459405, guid: b84197960f125ed4ea282797617dd4f1,
        type: 3}
      propertyPath: m_LocalRotation.w
      value: 0.97725576
      objectReference: {fileID: 0}
    - target: {fileID: 4184925271539459405, guid: b84197960f125ed4ea282797617dd4f1,
        type: 3}
      propertyPath: m_LocalRotation.x
      value: 0
      objectReference: {fileID: 0}
    - target: {fileID: 4184925271539459405, guid: b84197960f125ed4ea282797617dd4f1,
        type: 3}
      propertyPath: m_LocalRotation.y
      value: 0
      objectReference: {fileID: 0}
    - target: {fileID: 4184925271539459405, guid: b84197960f125ed4ea282797617dd4f1,
        type: 3}
      propertyPath: m_LocalRotation.z
      value: -0.2120642
      objectReference: {fileID: 0}
    - target: {fileID: 4184925271539459405, guid: b84197960f125ed4ea282797617dd4f1,
        type: 3}
      propertyPath: m_LocalEulerAnglesHint.z
      value: 0
      objectReference: {fileID: 0}
    - target: {fileID: 6366372781808591887, guid: b84197960f125ed4ea282797617dd4f1,
        type: 3}
      propertyPath: m_LocalPosition.x
      value: 0.83824813
      objectReference: {fileID: 0}
    - target: {fileID: 6366372781808591887, guid: b84197960f125ed4ea282797617dd4f1,
        type: 3}
      propertyPath: m_LocalPosition.y
      value: 0.00000015345653
      objectReference: {fileID: 0}
    - target: {fileID: 6366372781808591887, guid: b84197960f125ed4ea282797617dd4f1,
        type: 3}
      propertyPath: m_LocalRotation.w
      value: 0.9964823
      objectReference: {fileID: 0}
    - target: {fileID: 6366372781808591887, guid: b84197960f125ed4ea282797617dd4f1,
        type: 3}
      propertyPath: m_LocalRotation.x
      value: 0
      objectReference: {fileID: 0}
    - target: {fileID: 6366372781808591887, guid: b84197960f125ed4ea282797617dd4f1,
        type: 3}
      propertyPath: m_LocalRotation.y
      value: 0
      objectReference: {fileID: 0}
    - target: {fileID: 6366372781808591887, guid: b84197960f125ed4ea282797617dd4f1,
        type: 3}
      propertyPath: m_LocalRotation.z
      value: -0.08380417
      objectReference: {fileID: 0}
    - target: {fileID: 6366372781808591887, guid: b84197960f125ed4ea282797617dd4f1,
        type: 3}
      propertyPath: m_LocalEulerAnglesHint.z
      value: 0
      objectReference: {fileID: 0}
    - target: {fileID: 7710132969585463761, guid: b84197960f125ed4ea282797617dd4f1,
        type: 3}
      propertyPath: m_LocalPosition.x
      value: 0.8645997
      objectReference: {fileID: 0}
    - target: {fileID: 7710132969585463761, guid: b84197960f125ed4ea282797617dd4f1,
        type: 3}
      propertyPath: m_LocalPosition.y
      value: 0.000000020360421
      objectReference: {fileID: 0}
    - target: {fileID: 7710132969585463761, guid: b84197960f125ed4ea282797617dd4f1,
        type: 3}
      propertyPath: m_LocalRotation.w
      value: 0.9852763
      objectReference: {fileID: 0}
    - target: {fileID: 7710132969585463761, guid: b84197960f125ed4ea282797617dd4f1,
        type: 3}
      propertyPath: m_LocalRotation.x
      value: 0
      objectReference: {fileID: 0}
    - target: {fileID: 7710132969585463761, guid: b84197960f125ed4ea282797617dd4f1,
        type: 3}
      propertyPath: m_LocalRotation.y
      value: 0
      objectReference: {fileID: 0}
    - target: {fileID: 7710132969585463761, guid: b84197960f125ed4ea282797617dd4f1,
        type: 3}
      propertyPath: m_LocalRotation.z
      value: -0.17096977
      objectReference: {fileID: 0}
    - target: {fileID: 7710132969585463761, guid: b84197960f125ed4ea282797617dd4f1,
        type: 3}
      propertyPath: m_LocalEulerAnglesHint.z
      value: 0
      objectReference: {fileID: 0}
    m_RemovedComponents: []
  m_SourcePrefab: {fileID: -1135891590152984373, guid: b84197960f125ed4ea282797617dd4f1,
    type: 3}
--- !u!1 &3837756048468766468 stripped
GameObject:
  m_CorrespondingSourceObject: {fileID: -3621027942620129351, guid: b84197960f125ed4ea282797617dd4f1,
    type: 3}
  m_PrefabInstance: {fileID: 8718393351324006589}
  m_PrefabAsset: {fileID: 0}
--- !u!4 &5343615719651984478 stripped
Transform:
  m_CorrespondingSourceObject: {fileID: 3663012684037078243, guid: b84197960f125ed4ea282797617dd4f1,
    type: 3}
  m_PrefabInstance: {fileID: 8718393351324006589}
  m_PrefabAsset: {fileID: 0}
--- !u!1001 &8718393351646276943
PrefabInstance:
  m_ObjectHideFlags: 0
  serializedVersion: 2
  m_Modification:
    m_TransformParent: {fileID: 8718393350936392334}
    m_Modifications:
    - target: {fileID: -5118984668141222070, guid: 76db04b864691de449bdac2171d563fa,
        type: 3}
      propertyPath: m_LocalRotation.w
      value: 0.9751194
      objectReference: {fileID: 0}
    - target: {fileID: -5118984668141222070, guid: 76db04b864691de449bdac2171d563fa,
        type: 3}
      propertyPath: m_LocalRotation.x
      value: 0
      objectReference: {fileID: 0}
    - target: {fileID: -5118984668141222070, guid: 76db04b864691de449bdac2171d563fa,
        type: 3}
      propertyPath: m_LocalRotation.z
      value: 0.2216803
      objectReference: {fileID: 0}
    - target: {fileID: -5118984668141222070, guid: 76db04b864691de449bdac2171d563fa,
        type: 3}
      propertyPath: m_LocalEulerAnglesHint.z
      value: 0
      objectReference: {fileID: 0}
    - target: {fileID: -4356653520758900238, guid: 76db04b864691de449bdac2171d563fa,
        type: 3}
      propertyPath: m_Bounds.m_Center.x
      value: -0.0015598536
      objectReference: {fileID: 0}
    - target: {fileID: -4356653520758900238, guid: 76db04b864691de449bdac2171d563fa,
        type: 3}
      propertyPath: m_Bounds.m_Center.y
      value: -0.000045120716
      objectReference: {fileID: 0}
    - target: {fileID: -3365781936038416541, guid: 76db04b864691de449bdac2171d563fa,
        type: 3}
      propertyPath: m_Bounds.m_Center.x
      value: -0.0013945103
      objectReference: {fileID: 0}
    - target: {fileID: -3365781936038416541, guid: 76db04b864691de449bdac2171d563fa,
        type: 3}
      propertyPath: m_Bounds.m_Center.y
      value: -0.00051498413
      objectReference: {fileID: 0}
    - target: {fileID: -2199846420265759160, guid: 76db04b864691de449bdac2171d563fa,
        type: 3}
      propertyPath: m_LocalRotation.w
      value: 0.8997439
      objectReference: {fileID: 0}
    - target: {fileID: -2199846420265759160, guid: 76db04b864691de449bdac2171d563fa,
        type: 3}
      propertyPath: m_LocalRotation.x
      value: 0
      objectReference: {fileID: 0}
    - target: {fileID: -2199846420265759160, guid: 76db04b864691de449bdac2171d563fa,
        type: 3}
      propertyPath: m_LocalRotation.y
      value: 0
      objectReference: {fileID: 0}
    - target: {fileID: -2199846420265759160, guid: 76db04b864691de449bdac2171d563fa,
        type: 3}
      propertyPath: m_LocalRotation.z
      value: 0.43641827
      objectReference: {fileID: 0}
    - target: {fileID: -2199846420265759160, guid: 76db04b864691de449bdac2171d563fa,
        type: 3}
      propertyPath: m_LocalEulerAnglesHint.z
      value: 0
      objectReference: {fileID: 0}
    - target: {fileID: -832432889754703665, guid: 76db04b864691de449bdac2171d563fa,
        type: 3}
      propertyPath: m_Name
      value: Snail2
      objectReference: {fileID: 0}
    - target: {fileID: -659031886613182705, guid: 76db04b864691de449bdac2171d563fa,
        type: 3}
      propertyPath: m_LocalRotation.w
      value: 0.9668085
      objectReference: {fileID: 0}
    - target: {fileID: -659031886613182705, guid: 76db04b864691de449bdac2171d563fa,
        type: 3}
      propertyPath: m_LocalRotation.x
      value: 0
      objectReference: {fileID: 0}
    - target: {fileID: -659031886613182705, guid: 76db04b864691de449bdac2171d563fa,
        type: 3}
      propertyPath: m_LocalRotation.y
      value: 0
      objectReference: {fileID: 0}
    - target: {fileID: -659031886613182705, guid: 76db04b864691de449bdac2171d563fa,
        type: 3}
      propertyPath: m_LocalRotation.z
      value: 0.25550207
      objectReference: {fileID: 0}
    - target: {fileID: -659031886613182705, guid: 76db04b864691de449bdac2171d563fa,
        type: 3}
      propertyPath: m_LocalEulerAnglesHint.z
      value: 0
      objectReference: {fileID: 0}
    - target: {fileID: -412313391213754213, guid: 76db04b864691de449bdac2171d563fa,
        type: 3}
      propertyPath: m_Bounds.m_Center.x
      value: -0.00012487173
      objectReference: {fileID: 0}
    - target: {fileID: -412313391213754213, guid: 76db04b864691de449bdac2171d563fa,
        type: 3}
      propertyPath: m_Bounds.m_Center.y
      value: 0.0008401871
      objectReference: {fileID: 0}
    - target: {fileID: -412313391213754213, guid: 76db04b864691de449bdac2171d563fa,
        type: 3}
      propertyPath: m_Bounds.m_Extent.x
      value: 0.4990451
      objectReference: {fileID: 0}
    - target: {fileID: 566082166326078376, guid: 76db04b864691de449bdac2171d563fa,
        type: 3}
      propertyPath: m_Bounds.m_Center.x
      value: -0.0005250573
      objectReference: {fileID: 0}
    - target: {fileID: 566082166326078376, guid: 76db04b864691de449bdac2171d563fa,
        type: 3}
      propertyPath: m_Bounds.m_Center.y
      value: 0.0015450716
      objectReference: {fileID: 0}
    - target: {fileID: 566082166326078376, guid: 76db04b864691de449bdac2171d563fa,
        type: 3}
      propertyPath: m_Bounds.m_Extent.x
      value: 0.37947497
      objectReference: {fileID: 0}
    - target: {fileID: 566082166326078376, guid: 76db04b864691de449bdac2171d563fa,
        type: 3}
      propertyPath: m_Bounds.m_Extent.y
      value: 0.767415
      objectReference: {fileID: 0}
    - target: {fileID: 3666802140972871993, guid: 76db04b864691de449bdac2171d563fa,
        type: 3}
      propertyPath: m_IsActive
      value: 1
      objectReference: {fileID: 0}
    - target: {fileID: 5998852918228997269, guid: 76db04b864691de449bdac2171d563fa,
        type: 3}
      propertyPath: m_IsActive
      value: 1
      objectReference: {fileID: 0}
    - target: {fileID: 8199898075780306881, guid: 76db04b864691de449bdac2171d563fa,
        type: 3}
      propertyPath: m_RootOrder
      value: 1
      objectReference: {fileID: 0}
    - target: {fileID: 8199898075780306881, guid: 76db04b864691de449bdac2171d563fa,
        type: 3}
      propertyPath: m_LocalScale.x
      value: -2
      objectReference: {fileID: 0}
    - target: {fileID: 8199898075780306881, guid: 76db04b864691de449bdac2171d563fa,
        type: 3}
      propertyPath: m_LocalScale.y
      value: 2
      objectReference: {fileID: 0}
    - target: {fileID: 8199898075780306881, guid: 76db04b864691de449bdac2171d563fa,
        type: 3}
      propertyPath: m_LocalPosition.x
      value: 0.35
      objectReference: {fileID: 0}
    - target: {fileID: 8199898075780306881, guid: 76db04b864691de449bdac2171d563fa,
        type: 3}
      propertyPath: m_LocalPosition.y
      value: -2.18
      objectReference: {fileID: 0}
    - target: {fileID: 8199898075780306881, guid: 76db04b864691de449bdac2171d563fa,
        type: 3}
      propertyPath: m_LocalPosition.z
      value: 0
      objectReference: {fileID: 0}
    - target: {fileID: 8199898075780306881, guid: 76db04b864691de449bdac2171d563fa,
        type: 3}
      propertyPath: m_LocalRotation.w
      value: 1
      objectReference: {fileID: 0}
    - target: {fileID: 8199898075780306881, guid: 76db04b864691de449bdac2171d563fa,
        type: 3}
      propertyPath: m_LocalRotation.x
      value: 0
      objectReference: {fileID: 0}
    - target: {fileID: 8199898075780306881, guid: 76db04b864691de449bdac2171d563fa,
        type: 3}
      propertyPath: m_LocalRotation.y
      value: 0
      objectReference: {fileID: 0}
    - target: {fileID: 8199898075780306881, guid: 76db04b864691de449bdac2171d563fa,
        type: 3}
      propertyPath: m_LocalRotation.z
      value: 0
      objectReference: {fileID: 0}
    - target: {fileID: 8199898075780306881, guid: 76db04b864691de449bdac2171d563fa,
        type: 3}
      propertyPath: m_LocalEulerAnglesHint.x
      value: 0
      objectReference: {fileID: 0}
    - target: {fileID: 8199898075780306881, guid: 76db04b864691de449bdac2171d563fa,
        type: 3}
      propertyPath: m_LocalEulerAnglesHint.y
      value: 0
      objectReference: {fileID: 0}
    - target: {fileID: 8199898075780306881, guid: 76db04b864691de449bdac2171d563fa,
        type: 3}
      propertyPath: m_LocalEulerAnglesHint.z
      value: 0
      objectReference: {fileID: 0}
    - target: {fileID: 8269547396630368879, guid: 76db04b864691de449bdac2171d563fa,
        type: 3}
      propertyPath: m_LocalRotation.w
      value: 0.12533823
      objectReference: {fileID: 0}
    - target: {fileID: 8269547396630368879, guid: 76db04b864691de449bdac2171d563fa,
        type: 3}
      propertyPath: m_LocalRotation.x
      value: 0
      objectReference: {fileID: 0}
    - target: {fileID: 8269547396630368879, guid: 76db04b864691de449bdac2171d563fa,
        type: 3}
      propertyPath: m_LocalRotation.y
      value: -0
      objectReference: {fileID: 0}
    - target: {fileID: 8269547396630368879, guid: 76db04b864691de449bdac2171d563fa,
        type: 3}
      propertyPath: m_LocalRotation.z
      value: 0.9921141
      objectReference: {fileID: 0}
    - target: {fileID: 8269547396630368879, guid: 76db04b864691de449bdac2171d563fa,
        type: 3}
      propertyPath: m_LocalEulerAnglesHint.z
      value: 0
      objectReference: {fileID: 0}
    m_RemovedComponents: []
  m_SourcePrefab: {fileID: 5641583461621997842, guid: 76db04b864691de449bdac2171d563fa,
    type: 3}
--- !u!1 &905063261816309120 stripped
GameObject:
  m_CorrespondingSourceObject: {fileID: -832432889754703665, guid: 76db04b864691de449bdac2171d563fa,
    type: 3}
  m_PrefabInstance: {fileID: 8718393351646276943}
  m_PrefabAsset: {fileID: 0}
--- !u!4 &663743650270526094 stripped
Transform:
  m_CorrespondingSourceObject: {fileID: 8199898075780306881, guid: 76db04b864691de449bdac2171d563fa,
    type: 3}
  m_PrefabInstance: {fileID: 8718393351646276943}
  m_PrefabAsset: {fileID: 0}
--- !u!1001 &8718393351819775053
PrefabInstance:
  m_ObjectHideFlags: 0
  serializedVersion: 2
  m_Modification:
    m_TransformParent: {fileID: 8718393352204501255}
    m_Modifications:
    - target: {fileID: -9051656777140437600, guid: 22a30854df257e54d9ac538a2bb8df0d,
        type: 3}
      propertyPath: m_RootOrder
      value: 0
      objectReference: {fileID: 0}
    - target: {fileID: -9051656777140437600, guid: 22a30854df257e54d9ac538a2bb8df0d,
        type: 3}
      propertyPath: m_LocalScale.x
      value: 2
      objectReference: {fileID: 0}
    - target: {fileID: -9051656777140437600, guid: 22a30854df257e54d9ac538a2bb8df0d,
        type: 3}
      propertyPath: m_LocalScale.y
      value: 2
      objectReference: {fileID: 0}
    - target: {fileID: -9051656777140437600, guid: 22a30854df257e54d9ac538a2bb8df0d,
        type: 3}
      propertyPath: m_LocalPosition.x
      value: 0
      objectReference: {fileID: 0}
    - target: {fileID: -9051656777140437600, guid: 22a30854df257e54d9ac538a2bb8df0d,
        type: 3}
      propertyPath: m_LocalPosition.y
      value: 0
      objectReference: {fileID: 0}
    - target: {fileID: -9051656777140437600, guid: 22a30854df257e54d9ac538a2bb8df0d,
        type: 3}
      propertyPath: m_LocalPosition.z
      value: 0
      objectReference: {fileID: 0}
    - target: {fileID: -9051656777140437600, guid: 22a30854df257e54d9ac538a2bb8df0d,
        type: 3}
      propertyPath: m_LocalRotation.w
      value: 1
      objectReference: {fileID: 0}
    - target: {fileID: -9051656777140437600, guid: 22a30854df257e54d9ac538a2bb8df0d,
        type: 3}
      propertyPath: m_LocalRotation.x
      value: 0
      objectReference: {fileID: 0}
    - target: {fileID: -9051656777140437600, guid: 22a30854df257e54d9ac538a2bb8df0d,
        type: 3}
      propertyPath: m_LocalRotation.y
      value: 0
      objectReference: {fileID: 0}
    - target: {fileID: -9051656777140437600, guid: 22a30854df257e54d9ac538a2bb8df0d,
        type: 3}
      propertyPath: m_LocalRotation.z
      value: 0
      objectReference: {fileID: 0}
    - target: {fileID: -9051656777140437600, guid: 22a30854df257e54d9ac538a2bb8df0d,
        type: 3}
      propertyPath: m_LocalEulerAnglesHint.x
      value: 0
      objectReference: {fileID: 0}
    - target: {fileID: -9051656777140437600, guid: 22a30854df257e54d9ac538a2bb8df0d,
        type: 3}
      propertyPath: m_LocalEulerAnglesHint.y
      value: 0
      objectReference: {fileID: 0}
    - target: {fileID: -9051656777140437600, guid: 22a30854df257e54d9ac538a2bb8df0d,
        type: 3}
      propertyPath: m_LocalEulerAnglesHint.z
      value: 0
      objectReference: {fileID: 0}
    - target: {fileID: -6550091734893583667, guid: 22a30854df257e54d9ac538a2bb8df0d,
        type: 3}
      propertyPath: m_Bounds.m_Center.x
      value: -0.00042539835
      objectReference: {fileID: 0}
    - target: {fileID: -6550091734893583667, guid: 22a30854df257e54d9ac538a2bb8df0d,
        type: 3}
      propertyPath: m_Bounds.m_Center.y
      value: -0.0010101199
      objectReference: {fileID: 0}
    - target: {fileID: -6550091734893583667, guid: 22a30854df257e54d9ac538a2bb8df0d,
        type: 3}
      propertyPath: m_Bounds.m_Extent.x
      value: 0.53838515
      objectReference: {fileID: 0}
    - target: {fileID: -4587488196038720104, guid: 22a30854df257e54d9ac538a2bb8df0d,
        type: 3}
      propertyPath: m_Bounds.m_Center.x
      value: -0.00000023841858
      objectReference: {fileID: 0}
    - target: {fileID: -4587488196038720104, guid: 22a30854df257e54d9ac538a2bb8df0d,
        type: 3}
      propertyPath: m_Bounds.m_Center.y
      value: 0.000000059604645
      objectReference: {fileID: 0}
    - target: {fileID: -2654788927151294927, guid: 22a30854df257e54d9ac538a2bb8df0d,
        type: 3}
      propertyPath: m_LocalRotation.w
      value: 0.04429996
      objectReference: {fileID: 0}
    - target: {fileID: -2654788927151294927, guid: 22a30854df257e54d9ac538a2bb8df0d,
        type: 3}
      propertyPath: m_LocalRotation.x
      value: 0
      objectReference: {fileID: 0}
    - target: {fileID: -2654788927151294927, guid: 22a30854df257e54d9ac538a2bb8df0d,
        type: 3}
      propertyPath: m_LocalRotation.z
      value: -0.9990183
      objectReference: {fileID: 0}
    - target: {fileID: -2654788927151294927, guid: 22a30854df257e54d9ac538a2bb8df0d,
        type: 3}
      propertyPath: m_LocalEulerAnglesHint.z
      value: 0
      objectReference: {fileID: 0}
    - target: {fileID: -2473301014031126604, guid: 22a30854df257e54d9ac538a2bb8df0d,
        type: 3}
      propertyPath: m_LocalRotation.w
      value: 0.9458732
      objectReference: {fileID: 0}
    - target: {fileID: -2473301014031126604, guid: 22a30854df257e54d9ac538a2bb8df0d,
        type: 3}
      propertyPath: m_LocalRotation.x
      value: 0
      objectReference: {fileID: 0}
    - target: {fileID: -2473301014031126604, guid: 22a30854df257e54d9ac538a2bb8df0d,
        type: 3}
      propertyPath: m_LocalRotation.y
      value: 0
      objectReference: {fileID: 0}
    - target: {fileID: -2473301014031126604, guid: 22a30854df257e54d9ac538a2bb8df0d,
        type: 3}
      propertyPath: m_LocalRotation.z
      value: -0.32453656
      objectReference: {fileID: 0}
    - target: {fileID: -2473301014031126604, guid: 22a30854df257e54d9ac538a2bb8df0d,
        type: 3}
      propertyPath: m_LocalEulerAnglesHint.z
      value: 0
      objectReference: {fileID: 0}
    - target: {fileID: -2216256910384793638, guid: 22a30854df257e54d9ac538a2bb8df0d,
        type: 3}
      propertyPath: m_LocalRotation.w
      value: 0.9444695
      objectReference: {fileID: 0}
    - target: {fileID: -2216256910384793638, guid: 22a30854df257e54d9ac538a2bb8df0d,
        type: 3}
      propertyPath: m_LocalRotation.x
      value: 0
      objectReference: {fileID: 0}
    - target: {fileID: -2216256910384793638, guid: 22a30854df257e54d9ac538a2bb8df0d,
        type: 3}
      propertyPath: m_LocalRotation.y
      value: 0
      objectReference: {fileID: 0}
    - target: {fileID: -2216256910384793638, guid: 22a30854df257e54d9ac538a2bb8df0d,
        type: 3}
      propertyPath: m_LocalRotation.z
      value: 0.32859918
      objectReference: {fileID: 0}
    - target: {fileID: -2216256910384793638, guid: 22a30854df257e54d9ac538a2bb8df0d,
        type: 3}
      propertyPath: m_LocalEulerAnglesHint.z
      value: 0
      objectReference: {fileID: 0}
    - target: {fileID: -1379484147320119711, guid: 22a30854df257e54d9ac538a2bb8df0d,
        type: 3}
      propertyPath: m_LocalRotation.w
      value: 0.9998888
      objectReference: {fileID: 0}
    - target: {fileID: -1379484147320119711, guid: 22a30854df257e54d9ac538a2bb8df0d,
        type: 3}
      propertyPath: m_LocalRotation.x
      value: 0
      objectReference: {fileID: 0}
    - target: {fileID: -1379484147320119711, guid: 22a30854df257e54d9ac538a2bb8df0d,
        type: 3}
      propertyPath: m_LocalRotation.y
      value: 0
      objectReference: {fileID: 0}
    - target: {fileID: -1379484147320119711, guid: 22a30854df257e54d9ac538a2bb8df0d,
        type: 3}
      propertyPath: m_LocalRotation.z
      value: 0.014919532
      objectReference: {fileID: 0}
    - target: {fileID: -1379484147320119711, guid: 22a30854df257e54d9ac538a2bb8df0d,
        type: 3}
      propertyPath: m_LocalEulerAnglesHint.z
      value: 0
      objectReference: {fileID: 0}
    - target: {fileID: -673005385059756654, guid: 22a30854df257e54d9ac538a2bb8df0d,
        type: 3}
      propertyPath: m_LocalRotation.w
      value: 0.100746565
      objectReference: {fileID: 0}
    - target: {fileID: -673005385059756654, guid: 22a30854df257e54d9ac538a2bb8df0d,
        type: 3}
      propertyPath: m_LocalRotation.x
      value: 0
      objectReference: {fileID: 0}
    - target: {fileID: -673005385059756654, guid: 22a30854df257e54d9ac538a2bb8df0d,
        type: 3}
      propertyPath: m_LocalRotation.z
      value: 0.99491215
      objectReference: {fileID: 0}
    - target: {fileID: -673005385059756654, guid: 22a30854df257e54d9ac538a2bb8df0d,
        type: 3}
      propertyPath: m_LocalEulerAnglesHint.z
      value: 0
      objectReference: {fileID: 0}
    - target: {fileID: -136151810049970735, guid: 22a30854df257e54d9ac538a2bb8df0d,
        type: 3}
      propertyPath: m_LocalRotation.w
      value: 0.27442962
      objectReference: {fileID: 0}
    - target: {fileID: -136151810049970735, guid: 22a30854df257e54d9ac538a2bb8df0d,
        type: 3}
      propertyPath: m_LocalRotation.x
      value: 0
      objectReference: {fileID: 0}
    - target: {fileID: -136151810049970735, guid: 22a30854df257e54d9ac538a2bb8df0d,
        type: 3}
      propertyPath: m_LocalRotation.z
      value: 0.9616072
      objectReference: {fileID: 0}
    - target: {fileID: -136151810049970735, guid: 22a30854df257e54d9ac538a2bb8df0d,
        type: 3}
      propertyPath: m_LocalEulerAnglesHint.z
      value: 0
      objectReference: {fileID: 0}
    - target: {fileID: 514437250631633417, guid: 22a30854df257e54d9ac538a2bb8df0d,
        type: 3}
      propertyPath: m_LocalRotation.w
      value: 0.1593499
      objectReference: {fileID: 0}
    - target: {fileID: 514437250631633417, guid: 22a30854df257e54d9ac538a2bb8df0d,
        type: 3}
      propertyPath: m_LocalRotation.x
      value: 0
      objectReference: {fileID: 0}
    - target: {fileID: 514437250631633417, guid: 22a30854df257e54d9ac538a2bb8df0d,
        type: 3}
      propertyPath: m_LocalRotation.z
      value: -0.9872222
      objectReference: {fileID: 0}
    - target: {fileID: 514437250631633417, guid: 22a30854df257e54d9ac538a2bb8df0d,
        type: 3}
      propertyPath: m_LocalEulerAnglesHint.z
      value: 0
      objectReference: {fileID: 0}
    - target: {fileID: 5323438894001601253, guid: 22a30854df257e54d9ac538a2bb8df0d,
        type: 3}
      propertyPath: m_Bounds.m_Center.x
      value: -0.00055009127
      objectReference: {fileID: 0}
    - target: {fileID: 5323438894001601253, guid: 22a30854df257e54d9ac538a2bb8df0d,
        type: 3}
      propertyPath: m_Bounds.m_Center.y
      value: -0.00055989623
      objectReference: {fileID: 0}
    - target: {fileID: 5323438894001601253, guid: 22a30854df257e54d9ac538a2bb8df0d,
        type: 3}
      propertyPath: m_Bounds.m_Extent.y
      value: 0.38376987
      objectReference: {fileID: 0}
    - target: {fileID: 5606755372543765097, guid: 22a30854df257e54d9ac538a2bb8df0d,
        type: 3}
      propertyPath: m_Bounds.m_Center.x
      value: 0.0022198558
      objectReference: {fileID: 0}
    - target: {fileID: 5606755372543765097, guid: 22a30854df257e54d9ac538a2bb8df0d,
        type: 3}
      propertyPath: m_Bounds.m_Center.y
      value: 0.0073249936
      objectReference: {fileID: 0}
    - target: {fileID: 5606755372543765097, guid: 22a30854df257e54d9ac538a2bb8df0d,
        type: 3}
      propertyPath: m_Bounds.m_Extent.y
      value: 0.9226751
      objectReference: {fileID: 0}
    - target: {fileID: 6583643721052527861, guid: 22a30854df257e54d9ac538a2bb8df0d,
        type: 3}
      propertyPath: m_Name
      value: PlayerRole
      objectReference: {fileID: 0}
    - target: {fileID: 6840786708289549574, guid: 22a30854df257e54d9ac538a2bb8df0d,
        type: 3}
      propertyPath: m_Bounds.m_Center.x
      value: -0.0042402744
      objectReference: {fileID: 0}
    - target: {fileID: 6840786708289549574, guid: 22a30854df257e54d9ac538a2bb8df0d,
        type: 3}
      propertyPath: m_Bounds.m_Center.y
      value: -0.20670068
      objectReference: {fileID: 0}
    - target: {fileID: 7867385655796939512, guid: 22a30854df257e54d9ac538a2bb8df0d,
        type: 3}
      propertyPath: m_Bounds.m_Center.x
      value: 0.0029248
      objectReference: {fileID: 0}
    - target: {fileID: 7867385655796939512, guid: 22a30854df257e54d9ac538a2bb8df0d,
        type: 3}
      propertyPath: m_Bounds.m_Center.y
      value: 0.0049298406
      objectReference: {fileID: 0}
    - target: {fileID: 7867385655796939512, guid: 22a30854df257e54d9ac538a2bb8df0d,
        type: 3}
      propertyPath: m_Bounds.m_Extent.y
      value: 0.7600698
      objectReference: {fileID: 0}
    m_RemovedComponents: []
  m_SourcePrefab: {fileID: 5937786958318484871, guid: 22a30854df257e54d9ac538a2bb8df0d,
    type: 3}
--- !u!1 &2567115123643207864 stripped
GameObject:
  m_CorrespondingSourceObject: {fileID: 6583643721052527861, guid: 22a30854df257e54d9ac538a2bb8df0d,
    type: 3}
  m_PrefabInstance: {fileID: 8718393351819775053}
  m_PrefabAsset: {fileID: 0}
--- !u!4 &8836056497999917549 stripped
Transform:
  m_CorrespondingSourceObject: {fileID: -9051656777140437600, guid: 22a30854df257e54d9ac538a2bb8df0d,
    type: 3}
  m_PrefabInstance: {fileID: 8718393351819775053}
  m_PrefabAsset: {fileID: 0}
